@article{Ruger97,
 title={Resistance to cold and heat stress: accumulation of phenolic compounds 
 in tomato and watermelon plants},
 author={Ruger Kutta, Rosa M and Ruiz, Juan M and Garc{\i}a, Pablo C and 
 L{\'o}pez-Lefebre, Luis R and S{\'a}nchez, Esteban and Romero, Luis},
 journal={Plant Science},
 volume={160},
 number={2},
 pages={315--321},
 year={1997},
 publisher={Elsevier}
 }