% Encoding: UTF-8

@article{Bilitza07,
title={International Reference Ionosphere 2007: Improvements and new parameters},
author={D. Bilitza and B.W. Reinisch},
journal={ADVANCE IN SPACE RESEARCH},
volume={42},
number={15},
pages={599-609},
doi={10.1016/j.asr.2007.07.048},
year={2007},
publisher={ELSEVIER}
}

@article{Nava08,
title={A new version of the NeQuick ionosphere electron density model},
author={B. Nava and P. Co{\'i}sson and S.M. Radicella},
journal={Journal of Atmospheric and Solar-Terrestrial Physics},
volume={70},
number={15},
doi={10.1016/j.jastp.2008.01.015},
year={2008},
publisher={ELSEVIER}
}

@article{Ludger09,
 title={Ionospheric dynamics and drivers obtained from a physics-based data assimilation model},
 author={Ludger Scherliess and Donald C. Thompson and Robert W. Schunk},
 journal={Radio Science},
 volume={RS0A32},
 number={2},
 year={2009},
 doi={10.1029/2008RS004068},
 publisher={AGU}
 }

 @article{Galindo13,
 title={Three-dimensional Martian ionosphere model: I. The photochemical ionosphere below 180 km},
 author={Gonz{\'a}lez-Galindo and J.-Y. Chaufray and M. A. L{\'o}pez-Valverde and G. Gilli and F. Forget and F. Leblanc and R. Modolo and S. Hess and M. Yagi},
 journal={JOURNAL OF GEOPHYSICAL RESEARCH: PLANETS},
 volume={118},
 pages={2105-2123},
 year={2013},
 publisher={JGRE}
}




 @article{Huba14,
 title={Storm time ionosphere and plasmasphere structuring:SAMI3-RCM simulation of the 31 March 2001 geomagnetic storm},
 author={J. D. Huba1 and S. Sazykin2},
 journal={Geophys. Res. Lett.},
 volume={41},
 pages={8208-8214},
 year={2014},
 publisher={JGRE}
}

@article{Talini15,
title={Imaging the topside ionosphere and plasmasphere with ionospheric tomography using COSMIC GPS TEC},
author={Talini S. and Pinto Jayawardena and Alex T. Chartier and Paul Spencer and Cathryn N. Mitchell},
journal={Geophys. Res. Space Physics},
volume={121},
pages={817-831},
year={2015},
doi={10.1002/2015JA021561},
publisher={JGR}
}

@Comment{jabref-meta: databaseType:bibtex;}

